% Encoding: UTF-8

@article{cesconetto2008,
    title={Avaliação da eficiência produtiva de hospitais do SUS de Santa Catarina, Brasil},
    author={André Cesconetto and Jair dos Santos Lapa and Maria Cristina Marino Calvo},
    journal={Revista Saúde Pública},
    year={2008}
}

@article{ShortGuide2020,
    title={A short guide for medical professionals in the era of artificial intelligence},
    author={Mesko, Bertalan and Gorog, Marton},
    journal={npj Digital Medicine},
    volume={3},
    pages={126},
    year={2020},
    publisher={Nature Publishing Group},
    doi={10.1038/s41746-020-00333-z}
}

@article{chiavegatto2015,
    title={Uso de big data em saúde no Brasil: perspectivas para um futuro próximo},
    author={gatto Filho, Alexandre Dias Porto},
    journal={Epidemiologia e Serviços de Saúde},
    volume={24},
    pages={325--332},
    year={2015},
    publisher={SciELO Public Health} 
}

@article{obermeyer2017,
    title={Lost in thought—the limits of the human mind and the future of medicine},
    author={Obermeyer, Ziad and Lee, Thomas H},
    journal={New England Journal of Medicine},
    volume={377},
    number={13},
    pages={1209--1211},
    year={2017},
    publisher={Mass Medical Soc}
}

@article{fernandes2021multipurpose,
    title={A multipurpose machine learning approach to predict COVID-19 negative prognosis in S{\~a}o Paulo, Brazil},
    author={Fernandes, Fernando Timoteo and de Oliveira, Tiago Almeida and Teixeira, Cristiane Esteves and de Moraes Batista, Andre Filipe and Dalla Costa, Gabriel and gatto Filho, Alexandre Dias Porto},
    journal={Scientific reports},
    volume={11},
    number={1},
    pages={1--11},
    year={2021},
    publisher={Nature Publishing Group},
    doi={10.1038/s41598-021-82885-y}
}

@article{SantosHellenGeremiasdos2019Mlpa,
    issn = {0102-311X},
    journal = {Cadernos de saúde pública},
    volume = {35},
    publisher = {Escola Nacional de Saúde Pública Sergio Arouca, Fundação Oswaldo Cruz},
    number = {7},
    year = {2019},
    title = {Machine learning para análises preditivas em saúde: exemplo de aplicação para predizer óbito em idosos de São Paulo, Brasil},
    copyright = {This work is licensed under a Creative Commons Attribution 4.0 International License.},
    language = {eng ; por},
    author = {Santos, Hellen Geremias dos and Nascimento, Carla Ferreira do and Izbicki, Rafael and Duarte, Yeda Aparecida de Oliveira and Porto gatto Filho, Alexandre Dias},
    keywords = {Aged ; Forecasting ; Mortality ; PUBLIC ENVIRONMENTAL & OCCUPATIONAL HEALTH},
    }

@book{geron2022hands,
    title={Hands-On Machine Learning with Scikit-Learn, Keras, and TensorFlow, 3rd Edition},
    author={Aur{\'e}lien G{\'e}ron},
    year={2022},
    publisher={O'Reilly Media, Inc.},
    isbn={9781098125974}
}

@article{genesdisease,
    doi = {10.1371/journal.pone.0208626},
    author = {Asif, Muhammad AND Martiniano, Hugo F. M. C. M. AND Vicente, Astrid M. AND Couto, Francisco M.},
    journal = {PLOS ONE},
    publisher = {Public Library of Science},
    title = {Identifying disease genes using machine learning and gene functional similarities, assessed through Gene Ontology},
    year = {2018},
    month = {12},
    volume = {13},
    url = {https://doi.org/10.1371/journal.pone.0208626},
    pages = {1-15},
    number = {12},
}

@article{WagnerBenedikt2021Ahpo,
    title = {A historical perspective of explainable Artificial Intelligence},
    author = {Confalonieri, Roberto and Coba, Ludovik and Wagner, Benedikt and Besold, Tarek Richard},
    issn = {1942-4787},
    journal = {Wiley Interdisciplinary Reviews: Data Mining and Knowledge Discovery},
    keywords = {Explainable artificial intelligence;Explainable recommender systems;Interpretable machine learning;Neural-symbolic reasoning},
    language = {eng},
    number = {1},
    pages = {21},
    publisher = {John Wiley \& Sons Ltd.},
    volume = {11},
    year = {2021},
}

@misc{ribeiro2016modelagnostic,
    title={Model-Agnostic Interpretability of Machine Learning}, 
    author={Marco Tulio Ribeiro and Sameer Singh and Carlos Guestrin},
    year={2016},
    eprint={1606.05386},
    archivePrefix={arXiv},
    primaryClass={stat.ML}
}

@misc{doshivelez2017rigorous,
    title={Towards A Rigorous Science of Interpretable Machine Learning}, 
    author={Finale Doshi-Velez and Been Kim},
    year={2017},
    eprint={1702.08608},
    archivePrefix={arXiv},
    primaryClass={stat.ML}
}

@misc{lipton2017mythos,
    title={The Mythos of Model Interpretability}, 
    author={Zachary C. Lipton},
    year={2017},
    eprint={1606.03490},
    archivePrefix={arXiv},
    primaryClass={cs.LG}
}

@article{Abououf2023,
  author={Abououf, Menatalla and Singh, Shakti and Mizouni, Rabeb and Otrok, Hadi},
  journal={IEEE Internet of Things Journal}, 
  title={Explainable AI for Event and Anomaly Detection and Classification in Healthcare Monitoring Systems}, 
  year={2023},
  pages={1-1},
  doi={10.1109/JIOT.2023.3296809}}

@article{BRUNESE2020105608,
    title = {Explainable Deep Learning for Pulmonary Disease and Coronavirus COVID-19 Detection from X-rays},
    journal = {Computer Methods and Programs in Biomedicine},
    volume = {196},
    pages = {105608},
    year = {2020},
    issn = {0169-2607},
    doi = {https://doi.org/10.1016/j.cmpb.2020.105608},
    url = {https://www.sciencedirect.com/science/article/pii/S0169260720314413},
    author = {Luca Brunese and Francesco Mercaldo and Alfonso Reginelli and Antonella Santone},
}

@article{KIM2022103677,
    title = {Explainable heat-related mortality with random forest and SHapley Additive exPlanations (SHAP) models},
    journal = {Sustainable Cities and Society},
    volume = {79},
    pages = {103677},
    year = {2022},
    issn = {2210-6707},
    doi = {https://doi.org/10.1016/j.scs.2022.103677},
    url = {https://www.sciencedirect.com/science/article/pii/S2210670722000117},
    author = {Yesuel Kim and Youngchul Kim},
}

@article{healthcare11070929,
    author = {GhoshRoy, Debasmita and Alvi, Parvez Ahmad and Santosh, KC},
    title = {Unboxing Industry-Standard AI Models for Male Fertility Prediction with SHAP},
    journal = {Healthcare},
    volume = {11},
    year = {2023},
    number = {7},
    article-number = {929},
    url = {https://www.mdpi.com/2227-9032/11/7/929},
    pubmedid = {37046855},
    issn = {2227-9032},
    doi = {10.3390/healthcare11070929}
}

 @article{rosa_galdamez_souza_melo_villarinho_leal_2023, 
    title={Uso de técnicas de aprendizado de máquina para classificação de fatores que influenciam a ocorrência de dermatites ocupacionais}, 
    volume={48},  
    ISSN={0303-7657},  
    url={https://doi.org/10.1590/2317-6369/31620pt2023v48e4},  
    DOI={10.1590/2317-6369/31620pt2023v48e4},  
    journal={Revista Brasileira de Saúde Ocupacional},  
    publisher={Fundação Jorge Duprat Figueiredo de Segurança e Medicina do Trabalho - FUNDACENTRO},  
    author={Rosa, Ana Caroline Francisco da and Galdamez, Edwin Vladimir Cardoza and Souza, Rodrigo Clemente Thom de and Melo, Maria das Graças Mota and Villarinho, Ana Luiza Castro Fernandes and Leal, Gislaine Camila Lapasini},  
    year={2023}
}

@article{SeltzerZ09,
  author       = {Michael L. Seltzer and
                  Lei Zhang},
  title        = {The data deluge: Challenges and opportunities of unlimited data in
                  statistical signal processing},
  booktitle    = {Proceedings of the {IEEE} International Conference on Acoustics, Speech,
                  and Signal Processing, {ICASSP} 2009, 19-24 April 2009, Taipei, Taiwan},
  pages        = {3701--3704},
  publisher    = {{IEEE}},
  year         = {2009},
  url          = {https://doi.org/10.1109/ICASSP.2009.4960430},
  doi          = {10.1109/ICASSP.2009.4960430},
  timestamp    = {Thu, 23 Mar 2023 23:59:08 +0100},
  biburl       = {https://dblp.org/rec/conf/icassp/SeltzerZ09.bib},
  bibsource    = {dblp computer science bibliography, https://dblp.org}
}

@article{mlaplicadosaude,
    title={Machine Learning aplicado à Saúde},
    author={Andr{\'e} Filipe de Moraes Batista and Alexandre Dias Porto Chiavegatto Filho},
    year={2019},
    publisher={Sociedade Brasileira de Computação},
    url={https://sol.sbc.org.br/livros/index.php/sbc/catalog/download/29/95/245-1?inline=1}
}

@book{faceli,
title   = {Inteligência artificial: uma abordagem de aprendizado de máquina},
author = {Faceli, Katti and Lorena, Ana Carolina and Gama, João and Carvalho, André Carlos Ponce de Leon Ferreira de},
year = {2011},
publisher = {LTC}
}

@article{Wang_2019,
doi = {10.1088/1757-899X/677/5/052038},
url = {https://dx.doi.org/10.1088/1757-899X/677/5/052038},
year = {2019},
month = {dec},
publisher = {IOP Publishing},
volume = {677},
number = {5},
pages = {052038},
author = {Lishan Wang},
title = {Research and Implementation of Machine Learning Classifier Based on KNN},
journal = {IOP Conference Series: Materials Science and Engineering},
}

@book{logreg,
    title={Logistic Regression},
    author={David G. Kleinbaum and Mitchel Klein},
    year={2010},
    publisher={Springer New York, NY},
    isbn={9781441917416},
    doi = {https://doi.org/10.1007/978-1-4419-1742-3},
    edition={3}
}

@book{favero,
    title   = {Análise de dados: modelagem multivariada para tomada de decisões},
    author = {F{\'a}vero, Luiz Paulo Lopes and Belfiore, Patrícia Prado and Silva, Fabiana Lopes da and Chan, Betty Lilian},
    year = {2009},
    publisher = {Elsevier}
}

@book{trevorHastie,
	title={The Elements of Statistical Learning},
	author = {Hastie, Trevor and Tibshirani, Robert and Friedman, Jerome},
	year={2009},
	publisher = {Springer New York Inc.},
	isbn={9780387848587},
	doi = {https://doi.org/10.1007/978-0-387-84858-7},
	edition={2}
}

@misc{wiki,
	author = "{Wikipedia contributors}",
	title = "Support vector machine --- {Wikipedia}{,} The Free Encyclopedia",
	year = "2023",
	url = "https://en.wikipedia.org/w/index.php?title=Support_vector_machine&oldid=1190739318",
	note = "[Online; accessed 6-January-2024]"
}

@inproceedings{RandomForests,
	author={Tin Kam Ho},
	booktitle={Proceedings of 3rd International Conference on Document Analysis and Recognition}, 
	title={Random decision forests}, 
	year={1995},
	volume={1},
	number={},
	pages={278-282 vol.1},
	doi={10.1109/ICDAR.1995.598994}
}

@book{Raschka,
	title={Python Machine Learning},
	author = {Sebastian Raschka and Vahid Mirjalili},
	year={2017},
	publisher = {Packt},
	isbn={9781787125933},
	edition={2}
}

@article{friedman2000,
	author = {Friedman, Jerome},
	year = {2000},
	month = {11},
	title = {Greedy Function Approximation: A Gradient Boosting Machine},
	volume = {29},
	journal = {The Annals of Statistics},
	doi = {10.1214/aos/1013203451}
}

@article{LORETO2020103636,
	title = {Early prediction of ICU readmissions using classification algorithms},
	journal = {Computers in Biology and Medicine},
	volume = {118},
	pages = {103636},
	year = {2020},
	issn = {0010-4825},
	doi = {https://doi.org/10.1016/j.compbiomed.2020.103636},
	url = {https://www.sciencedirect.com/science/article/pii/S0010482520300329},
	author = {Melina Loreto and Thiago Lisboa and Viviane P. Moreira},
}

@article{Stiglic2014,
	title    = {Pediatric readmission classification using stacked regularized logistic regression models},
	author   = {Stiglic, Gregor and Wang, Fei and Davey, Adam and Obradovic, Zoran},
	journal  = {AMIA Annu Symp Proc},
	year   =  {2014},
	pages    = {1072--1081},
}

@article{WANG2021351,
	title = {Predictive classification of ICU readmission using weight decay random forest},
	journal = {Future Generation Computer Systems},
	volume = {124},
	pages = {351-360},
	year = {2021},
	issn = {0167-739X},
	doi = {https://doi.org/10.1016/j.future.2021.06.011},
	url = {https://www.sciencedirect.com/science/article/pii/S0167739X21002065},
	author = {Bin Wang and Shuai Ding and Xiao Liu and X. Li and Gang Li},
	keywords = {Predictive classification, Sparse data, Imbalanced data, Weight decay, Feature engineering},
}

@article{CDCWound,
	author = {Yin, Victoria and Cobb, J. Perren and Wightman, Sean C. and Atay, Scott M. and Harano, Takashi and Kim, Anthony W.},
	title = {Centers for Disease Control (CDC) Wound Classification is Prognostic of 30-Day Readmission Following Surgery},
	journal = {World Journal of Surgery},
	volume = {47},
	number = {10},
	pages = {2392-2400},
	doi = {https://doi.org/10.1007/s00268-023-07093-3},
	url = {https://onlinelibrary.wiley.com/doi/abs/10.1007/s00268-023-07093-3},
	eprint = {https://onlinelibrary.wiley.com/doi/pdf/10.1007/s00268-023-07093-3},
	year = {2023}
}

@article{barros2016,
	title = {Impact of length of stay for first psychiatric admissions on the ratio of readmissions in subsequent years in a large {Brazilian} catchment area},
	volume = {51},
	issn = {1433-9285},
	url = {https://doi.org/10.1007/s00127-016-1175-x},
	doi = {10.1007/s00127-016-1175-x},
	number = {4},
	journal = {Social Psychiatry and Psychiatric Epidemiology},
	author = {Barros, Regis Eric Maia and de Azevedo Marques, João Mazzoncini and Santos, Jair Lício Ferreira and Zuardi, Antonio Waldo and Del-Ben, Cristina Marta},
	month = apr,
	year = {2016},
	pages = {575--587},
}

@article{eHealth,
	title   = {An eHealth platform for the support of a Brazilian regional network of mental health care (eHealth-Interop): development of an interoperability platform for mental care integration},
	author = {Miyoshi, Newton Shydeo Brandão and Marques, João Mazzoncini de Azevedo and Alves, Domingos and Azevedo-Marques, Paulo Mazzoncini de},
	year = {2018},
	doi = {10.2196/10129},
	journal   = {JMIR Mental Health}
}

@article{FeatureSensitivity,
	doi = {10.1371/journal.pone.0235147},
	author = {Gholi Zadeh Kharrat, Fatemeh AND Shydeo Brandão Miyoshi, Newton AND Cobre, Juliana AND Mazzoncini De Azevedo-Marques, João AND Mazzoncini de Azevedo-Marques, Paulo AND Cláudio Botazzo Delbem, Alexandre},
	journal = {PLOS ONE},
	publisher = {Public Library of Science},
	title = {Feature sensitivity criterion-based sampling strategy from the Optimization based on Phylogram Analysis (Fs-OPA) and Cox regression applied to mental disorder datasets},
	year = {2020},
	month = {07},
	volume = {15},
	url = {https://doi.org/10.1371/journal.pone.0235147},
	pages = {1-25},
	number = {7}
}

@article{Buitinck,
	author       = {Lars Buitinck and
	Gilles Louppe and
	Mathieu Blondel and
	Fabian Pedregosa and
	Andreas Mueller and
	Olivier Grisel and
	Vlad Niculae and
	Peter Prettenhofer and
	Alexandre Gramfort and
	Jaques Grobler and
	Robert Layton and
	Jake VanderPlas and
	Arnaud Joly and
	Brian Holt and
	Ga{\"{e}}l Varoquaux},
	title        = {{API} design for machine learning software: experiences from the scikit-learn project},
	journal      = {CoRR},
	volume       = {abs/1309.0238},
	year         = {2013},
	url          = {http://arxiv.org/abs/1309.0238},
	eprinttype    = {arXiv},
	eprint       = {1309.0238},
	timestamp    = {Mon, 13 Aug 2018 16:49:16 +0200},
	biburl       = {https://dblp.org/rec/journals/corr/BuitinckLBPMGNPGGLVJHV13.bib},
	bibsource    = {dblp computer science bibliography, https://dblp.org}
}

@article{Shap2017,
	title = {A Unified Approach to Interpreting Model Predictions},
	author = {Lundberg, Scott M and Lee, Su-In},
	booktitle = {Advances in Neural Information Processing Systems 30},
	editor = {I. Guyon and U. V. Luxburg and S. Bengio and H. Wallach and R. Fergus and S. Vishwanathan and R. Garnett},
	pages = {4765--4774},
	year = {2017},
	publisher = {Curran Associates, Inc.},
	url = {http://papers.nips.cc/paper/7062-a-unified-approach-to-interpreting-model-predictions.pdf}
}

@article{Lime2016,
	author       = {Marco T{\'{u}}lio Ribeiro and Sameer Singh and Carlos Guestrin},
	title        = {"Why Should {I} Trust You?": Explaining the Predictions of Any Classifier},
	journal      = {CoRR},
	volume       = {abs/1602.04938},
	year         = {2016},
	url          = {http://arxiv.org/abs/1602.04938},
	eprinttype    = {arXiv},
	eprint       = {1602.04938},
	timestamp    = {Mon, 13 Aug 2018 16:49:09 +0200},
	biburl       = {https://dblp.org/rec/journals/corr/RibeiroSG16.bib},
	bibsource    = {dblp computer science bibliography, https://dblp.org}
}

@article{Deeplift,
	author       = {Avanti Shrikumar and Peyton Greenside and Anna Shcherbina and Anshul Kundaje},
	title        = {Not Just a Black Box: Learning Important Features Through Propagating Activation Differences},
	journal      = {CoRR},
	volume       = {abs/1605.01713},
	year         = {2016},
	url          = {http://arxiv.org/abs/1605.01713},
	eprinttype    = {arXiv},
	eprint       = {1605.01713},
	timestamp    = {Mon, 13 Aug 2018 16:48:14 +0200},
	biburl       = {https://dblp.org/rec/journals/corr/ShrikumarGSK16.bib},
	bibsource    = {dblp computer science bibliography, https://dblp.org}
}

@article{LRP2015,
	doi = {10.1371/journal.pone.0130140},
	author = {Bach, Sebastian AND Binder, Alexander AND Montavon, Grégoire AND Klauschen, Frederick AND Müller, Klaus-Robert AND Samek, Wojciech},
	journal = {PLOS ONE},
	publisher = {Public Library of Science},
	title = {On Pixel-Wise Explanations for Non-Linear Classifier Decisions by Layer-Wise Relevance Propagation},
	year = {2015},
	month = {07},
	volume = {10},
	url = {https://doi.org/10.1371/journal.pone.0130140},
	pages = {1-46},
	number = {7},
}

@article{Strumbelj2014,
	author={{\v{S}}trumbelj, Erik and Kononenko, Igor},
	title={Explaining prediction models and individual predictions with feature contributions},
	journal={Knowledge and Information Systems},
	year={2014},
	month={Dec},
	day={01},
	volume={41},
	number={3},
	pages={647-665},
	issn={0219-3116},
	doi={10.1007/s10115-013-0679-x},
	url={https://doi.org/10.1007/s10115-013-0679-x}
}

@article{SmoothGrad,
	author       = {Daniel Smilkov and Nikhil Thorat and Been Kim and Fernanda B. Vi{\'{e}}gas and Martin Wattenberg},
	title        = {SmoothGrad: removing noise by adding noise},
	journal      = {CoRR},
	volume       = {abs/1706.03825},
	year         = {2017},
	url          = {http://arxiv.org/abs/1706.03825},
	eprinttype    = {arXiv},
	eprint       = {1706.03825},
	timestamp    = {Mon, 13 Aug 2018 16:48:36 +0200},
	biburl       = {https://dblp.org/rec/journals/corr/SmilkovTKVW17.bib},
	bibsource    = {dblp computer science bibliography, https://dblp.org}
}

@article{IntegratedGradients,
	author       = {Mukund Sundararajan and Ankur Taly and Qiqi Yan},
	title        = {Axiomatic Attribution for Deep Networks},
	journal      = {CoRR},
	volume       = {abs/1703.01365},
	year         = {2017},
	url          = {http://arxiv.org/abs/1703.01365},
	eprinttype    = {arXiv},
	eprint       = {1703.01365},
	timestamp    = {Mon, 13 Aug 2018 16:48:32 +0200},
	biburl       = {https://dblp.org/rec/journals/corr/SundararajanTY17.bib},
	bibsource    = {dblp computer science bibliography, https://dblp.org}
}
